<record><leader>00000cas a22000007a 4500</leader><controlfield tag="001">10972036</controlfield><controlfield tag="008">840720d18691922iauwr ne      0    0eng d</controlfield><datafield ind1=" " ind2=" " tag="010"><subfield code="a">sn 84027262 </subfield></datafield><datafield ind1=" " ind2=" " tag="040"><subfield code="a">NPU</subfield><subfield code="b">eng</subfield><subfield code="c">NPU</subfield><subfield code="d">NPX</subfield><subfield code="d">INP</subfield><subfield code="d">MGN</subfield><subfield code="d">OCLCQ</subfield></datafield><datafield ind1=" " ind2=" " tag="042"><subfield code="a">msc</subfield></datafield><datafield ind1="0" ind2="0" tag="245"><subfield code="a">Mount Vernon hawk-eye.</subfield></datafield><datafield ind1="1" ind2="3" tag="246"><subfield code="a">Mt. Vernon hawk-eye</subfield></datafield><datafield ind1="1" ind2="7" tag="246"><subfield code="a">Hawk-eye</subfield></datafield><datafield ind1=" " ind2=" " tag="260"><subfield code="a">Mount Vernon, Iowa :</subfield><subfield code="b">S.H. Bauman,</subfield><subfield code="c">-1922.</subfield></datafield><datafield ind1=" " ind2=" " tag="300"><subfield code="a">v. :</subfield><subfield code="b">ill. ;</subfield><subfield code="c">66 cm.</subfield></datafield><datafield ind1=" " ind2=" " tag="310"><subfield code="a">Weekly</subfield></datafield><datafield ind1="1" ind2=" " tag="362"><subfield code="a">Began in July 1869. Cf. Bibl. of Iowa newspapers.</subfield></datafield><datafield ind1="0" ind2=" " tag="362"><subfield code="a">-v. 53, no. 3 (Dec. 14, 1922).</subfield></datafield><datafield ind1=" " ind2=" " tag="500"><subfield code="a">Publisher: Aug. A. Bauman, &lt;Jan. 6, 1916&gt;-Dec. 14, 1922.</subfield></datafield><datafield ind1=" " ind2=" " tag="500"><subfield code="a">Editor: S.H. Bauman, &lt;1874-1876&gt;.</subfield></datafield><datafield ind1=" " ind2=" " tag="588"><subfield code="a">Description based on: Vol. 5, no. 9 (Feb. 28, 1873).</subfield></datafield><datafield ind1=" " ind2=" " tag="752"><subfield code="a">United States</subfield><subfield code="b">Iowa</subfield><subfield code="c">Linn</subfield><subfield code="d">Mount Vernon.</subfield></datafield><datafield ind1="0" ind2="0" tag="780"><subfield code="t">Linn County hawk-eye</subfield><subfield code="w">(DLC)sn 85049765</subfield></datafield><datafield ind1="0" ind2="7" tag="785"><subfield code="t">Lisbon herald (Lisbon, Iowa)</subfield><subfield code="w">(DLC)sn 85050881</subfield></datafield><datafield ind1="0" ind2="7" tag="785"><subfield code="t">Mt. Vernon hawk-eye and Lisbon herald</subfield><subfield code="w">(DLC)sn 85049710</subfield></datafield></record>